1015 1413
558 157 713 175 NOTAE.

327 227 414 254 principe
422 230 501 246 conatus
510 226 515 246 Ι
531 226 560 246 lm
569 225 623 246 brevi
632 225 705 245 fastum
714 224 742 244 est
752 228 775 244 ut
784 231 820 252 per
829 229 894 244 totum
903 225 944 244 ori-

328 268 394 283 entem
408 267 428 282 et
440 262 563 282 occidentem
577 268 694 289 quacunque
708 260 728 280 se
742 260 847 280 diffuderat
859 260 945 280 Arabum

328 299 403 326 lingua,
415 303 435 318 et
450 297 514 325 gladio
527 298 566 317 late
579 301 686 325 propagata
698 296 774 324 religio,
786 296 942 316 innotescerent:

328 339 347 355 at
357 341 416 362 quam
426 341 466 354 non
474 334 581 361 religionis,
591 338 620 353 tot
629 333 685 360 plane
695 332 774 353 ridicula
783 332 861 353 credere
867 332 942 359 juben-

328 371 360 394 tis,
370 377 406 390 nec
416 370 448 390 vel
461 369 592 390 obscuriorem
607 374 680 389 naturae
692 369 759 389 lucem
770 368 856 392 ferentis,
866 368 943 389 benefi-

327 407 366 430 cio,
376 411 429 433 patet
438 413 464 426 ex
473 406 506 425 illa
516 404 614 426 Tah'ffini
624 404 723 431 cujusdam
737 404 825 427 censura.
834 404 870 431 qui
880 404 943 431 (refe-

328 447 383 462 rente
397 441 476 469 ngadio,
492 442 512 461 in
526 441 563 461 suis
575 441 600 461 ad
613 439 685 468 Tagrai
698 441 771 461 Poema
786 441 943 467 commentariis)

327 478 384 501 dixit,
394 478 412 498 F
413 477 448 497 ieri
455 484 489 497 non
495 476 541 504 poffl
550 477 593 504 quin
602 477 656 497 Deus
664 480 724 496 certas
733 476 754 496 de
763 476 877 496 AlMamune
881 481 945 504 poenas

320 514 410 541 filmera,
420 512 467 541 quod
466 513 549 540 fiirntiis
554 512 677 540 philqsophicis
689 511 796 533 thtrodufh}
806 512 944 533 Mohammeda-

327 556 390 569 norum
399 549 487 577 pietatem
501 548 652 576 interpellaverit.
677 549 745 575 Qam
756 548 814 576 ipfius
827 548 944 569 sententiam

328 592 367 605 non
378 585 481 605 mirabitur
492 585 527 611 qui
540 584 592 612 apud
601 591 635 604 nos
645 584 785 604 homunciones
797 585 887 604 audaCler
896 591 943 611 pro-

328 621 439 641 nuntiantes
445 620 549 644 audiverit,
556 620 651 647 quicquid
656 620 684 640 est
692 619 823 640 humanarum
832 620 942 644 literarum,

327 661 385 684 atque
403 656 534 680 scientiarum,
550 656 652 676 inimicum
666 656 703 676 effe
718 656 808 683 religioni
823 661 843 676 et
859 663 870 676 e
884 656 943 677 rebus

327 693 410 720 publicis
420 692 532 713 Christianis
541 693 618 719 penitus
627 692 737 712 tollendum
745 695 753 716 g
766 692 853 713 sufficere
864 693 943 713 unicui-

327 736 366 756 que
375 729 463 756 ling-uam
473 728 606 752 vernaculam,
616 733 636 749 et
645 728 737 756 quicquid
746 728 841 756 temporis
850 728 893 749 aliis
903 729 944 749 im-

326 765 422 792 penditur,
432 764 515 785 futiliter
525 765 585 792 perdi.
610 765 688 785 Mirum
700 769 753 784 certe
767 771 819 788 eam,
829 771 874 791 quae
886 772 944 785 com-

326 801 417 828 pendiosa
430 800 509 828 Juliano
523 800 561 821 visa
577 800 606 821 est
619 800 644 820 ad
659 800 775 828 religionem
790 800 920 821 Christianam
932 808 943 821 e

326 837 392 857 medio
408 836 516 857 tollendam
531 836 570 860 via,
585 837 664 856 unicam
680 843 732 856 nunc
749 836 786 857 effe
804 837 846 863 ejus
861 844 943 864 promo-

326 872 394 893 vendae
403 873 504 893 rationem.
528 872 566 892 Sed
580 877 602 892 ut
615 879 639 892 eo
652 872 703 892 unde
713 872 790 899 digreffi
800 873 864 893 sumus
875 880 941 893 rever-

326 913 391 928 tamur
398 918 404 932 ;
416 908 526 929 foventibus
536 908 586 935 apud
595 907 668 928 Arabes
677 908 797 932 A!Mamone‚
806 913 826 928 et
835 908 868 935 qui
877 908 911 935 ipfi
920 908 942 928 in

326 944 409 971 imperio
425 944 558 967 succederent,
574 943 634 964 bonas
650 944 722 967 literas,
739 951 764 964 eo
783 944 843 971 usque
861 943 943 964 tandem

329 979 397 1006 (verba
407 979 450 999 sunt
459 980 529 1007 Magni
539 979 614 1006 Saw'lii)
626 977 689 1000 studio
698 985 718 1000 et
728 980 808 1007 ingenio
817 979 943 1007 profecerunt

326 1020 348 1035 ut
357 1016 390 1035 vix
400 1015 444 1043 ipfis
455 1015 527 1036 Graecis
538 1016 608 1036 cedere
620 1016 728 1036 videantur.
758 1016 856 1036 Homines
869 1015 944 1036 sci-licet

325 1051 414 1071 acumine
427 1056 447 1071 et
459 1051 561 1079 diligentia
573 1052 684 1078 praestantes
697 1051 747 1072 nihil
756 1052 777 1072 in
786 1052 828 1071 ullo
840 1051 944 1072 literarum

325 1094 396 1114 genere
406 1088 501 1107 intaetum
511 1088 638 1115 reliquerunt.
665 1088 724 1108 Nihil
733 1087 802 1108 habuit
813 1087 889 1108 Graecia
899 1088 944 1108 exi—

325 1123 394 1146 mium,
405 1123 457 1150 quod
467 1130 506 1143 non
516 1123 572 1144 suum
580 1123 663 1144 fecerint
672 1133 678 1148 ς
693 1124 718 1144 de
731 1124 772 1148 suo,
782 1131 827 1151 quae
836 1131 876 1144 non
885 1131 943 1144 acce-

324 1164 398 1185 pemnt,
408 1159 471 1179 multa
480 1166 519 1179 non
530 1160 595 1180 minus
605 1160 676 1180 eximia
685 1160 817 1187 protulerunt.
841 1160 943 1187 Langues-

324 1201 367 1214 cere
380 1194 415 1215 sub
427 1194 513 1215 barbaris
524 1194 628 1215 ‘furcarum
641 1196 699 1216 armis
712 1203 789 1223 coepere
798 1196 880 1216 demum
889 1195 942 1222 apud
