1015 1413
552 153 708 170 NOTAE.

323 224 382 252 igitur
391 223 472 243 tristitiae
481 229 527 243 cum
536 223 555 243 ei
563 227 675 243 occurreret
684 221 773 249 Tafimfis
782 222 870 249 quidam,
879 229 890 242 a
898 228 938 251 quo

323 259 407 287 benigne
420 258 526 286 quondam,
540 265 587 279 cum
599 263 670 279 venatu
682 257 763 278 defeffus
776 263 797 278 et
808 258 938 286 ajcomitibus

323 295 408 316 divulsus
424 295 444 315 in
460 294 517 322 ipfius
531 295 632 322 tugurium
646 294 747 317 ineidiffet,
762 298 854 321 exceptus
867 294 938 318 finer-at,

323 338 383 358 quem
393 337 428 350 nec
438 330 535 350 dimittere
543 330 605 350 voluit
615 335 682 350 contra
691 337 767 350 morem
776 330 823 353 diei,
831 337 867 350 nee
876 330 938 350 inter-

323 367 380 388 ficere
393 366 445 386 salvo
456 365 534 392 hospitii
545 366 589 392 jure
606 366 672 393 (cujus
683 365 843 386 observantiffimi
851 365 939 393 Arabes)

323 407 404 430 poterat,
419 402 446 422 ita
460 402 538 429 utrique
552 400 707 422 satisfaciendum
720 401 796 429 putavit
807 406 830 421 ut
839 401 941 425 miserum,

324 438 371 458 vade
385 438 437 461 dato,
451 438 494 465 qui,
504 437 538 457 nifi
549 437 591 464 post
600 437 685 464 elapsum
694 444 768 457 annum
777 441 836 457 certae
844 437 887 457 neci
896 437 942 457 des-

324 475 394 494 minatus
404 474 481 497 rediret,
495 473 552 500 ipfius
562 473 604 493 vice
615 478 700 493 mortem
709 473 789 496 subiret,
803 473 879 500 opibus,
894 473 943 500 qui-

324 510 360 530 bus
369 509 449 530 familiae
458 509 486 529 sui
497 509 594 536 jaeturam
604 509 746 536 compensaret,
755 508 840 529 ditatum
849 509 944 529 remitte-

324 550 361 566 ret.
386 545 462 565 Vadem
474 545 492 564 se
506 544 558 567 fistit,
573 544 704 564 misericordia
717 551 764 571 erga
774 544 906 571 peregrinum,
921 550 943 565 et

323 581 347 601 de
362 588 408 608 rege
422 585 463 600 tam
477 580 528 600 bene
543 580 643 603 meritum,
658 584 776 604 commotus,
791 586 817 600 ex
832 580 942 600 aulicorum

324 616 422 644 praecipuis
432 616 519 643 quidam.
544 616 596 636 Cum
605 615 710 636 advenifl‘et
719 616 779 643 igitur
788 616 829 636 dies
838 616 873 643 qui
885 616 943 643 spatii

324 652 407 672 conceffi
423 652 503 672 ultimus
516 656 564 675 erat,
579 658 615 671 nec
630 651 678 671 dum
691 651 773 672 rediifl‘et
788 650 884 679 Tatymfis,
899 659 943 676 rex,

325 688 374 708 servi
385 693 449 708 morte
464 687 560 715 hospitem
572 694 612 708 non
625 688 687 708 invito
700 688 842 715 redempturus,
857 688 945 709 aulicum

325 724 349 744 ad
358 728 443 744 mortem
452 723 519 750 poscit.
538 723 634 744 Nondum
644 723 730 751 elapsum
739 723 777 744 effe
787 728 865 751 tempus
873 733 880 748 ς
891 725 947 752 quod

326 767 365 780 non
379 759 414 780 nifi
428 759 507 787 vespera
522 759 665 779 terminandum
680 759 733 783 esset,
747 760 850 787 clamitant
863 761 901 787 qui
910 761 945 781 ad-

326 795 382 819 stant,
397 795 468 815 debere
477 794 539 815 adhuc
548 795 648 822 expefimri
658 794 747 822 Tasyetfis
755 795 869 819 adventum,
879 797 916 824 qui
925 801 946 817 et

326 831 372 851 dum
386 830 427 851 haec
443 835 527 861 aguntur
543 831 628 851 advenit.
652 831 735 851 Miranti
749 831 790 859 regi
804 832 840 852 viri
853 832 946 853 conflan-

326 867 381 890 tiam,
395 867 430 894 qui
445 866 464 887 se
477 867 544 890 morti,
559 874 619 894 qum-i
629 867 681 887 vadis
693 868 780 895 periculo
789 867 877 895 effugere
886 874 946 895 pote-

327 907 362 926 rat,
377 902 462 922 libenter
476 902 562 926 offerret,
577 910 600 922 ac
610 903 658 930 quid
667 903 724 923 illum
733 903 819 930 promiffi
828 903 877 923 adeo
887 908 945 923 tena-

327 945 371 958 cem
380 937 460 961 faceret,
468 943 490 958 ut
499 938 541 965 ejus
549 938 635 959 servandi
645 939 706 966 gratia
715 939 760 959 vitae
769 939 838 959 alienae
846 939 946 966 majorem

327 981 386 1001 quam
400 973 438 994 suae
450 974 546 994 rationem
559 973 639 995 haberet
653 975 737 1002 roganti,
752 974 847 1002 respondit
858 975 901 998 ille,
916 975 947 996 Ita

327 1010 345 1030 se
355 1010 453 1037 religionis
463 1017 522 1037 quarn
528 1010 651 1037 profiteretur
658 1011 759 1038 praeceptis
769 1011 867 1031 edoctum.
883 1012 947 1039 Qae-

328 1046 378 1066 renti
390 1046 460 1070 rursus.
473 1047 572 1073 Quanam
584 1045 630 1066 effet
640 1047 674 1066 issa
683 1047 766 1074 religio5
782 1046 899 1071 Christiana,
914 1048 948 1068 in-

327 1082 378 1109 quit.
399 1082 443 1102 Rex
452 1089 500 1110 ergo
508 1089 556 1102 cum
564 1082 609 1102 fidei
618 1082 732 1103 Christianae
740 1082 832 1110 dogmata
840 1082 875 1103 fibi
884 1090 948 1111 expo-

328 1117 349 1137 ni
357 1117 447 1144 petiiss‘et‚
455 1125 499 1138 eam
508 1118 608 1145 amplexus
618 1125 641 1139 ac
651 1117 733 1146 ijmfi
740 1123 761 1138 et
770 1118 819 1139 vade
828 1119 896 1140 vivere
903 1120 947 1147 jus-

328 1153 358 1176 sis,
373 1152 484 1177 bzsbarum,
498 1154 532 1174 cui
544 1154 660 1178 insueverat,
674 1161 751 1175 morem
764 1155 840 1182 penitus
852 1155 947 1179 abolevit,

330 1196 407 1216 unaque
415 1196 461 1209 cum
470 1189 512 1217 ipso
521 1190 541 1210 iri
547 1190 638 1217 Clmstum
643 1190 773 1214 erediderunt,
778 1196 843 1221 w!
851 1197 909 1222 ῐᾺ-αῐ
915 1197 947 1218 >A
