<?xml version="1.0" encoding="UTF-8"?>
<!DOCTYPE html PUBLIC "-//W3C//DTD XHTML 1.0 Transitional//EN"
    "http://www.w3.org/TR/xhtml1/DTD/xhtml1-transitional.dtd">
<html xmlns="http://www.w3.org/1999/xhtml" xml:lang="en" lang="en">
 <head>
  <title>
</title>
<meta http-equiv="Content-Type" content="text/html;charset=utf-8" />
  <meta name='ocr-system' content='tesseract 3.04.00' />
  <meta name='ocr-capabilities' content='ocr_page ocr_carea ocr_par ocr_line ocrx_word'/>
</head>
<body>
  <div class='ocr_page' id='page_1' title='image "./specimenhistori00whitgoog_0184.png"; bbox 0 0 1015 1413; ppageno 0'>
   <div class='ocr_carea' id='block_1_1' title="bbox 306 154 461 172">
    <p class='ocr_par' dir='ltr' id='par_1_1' title="bbox 306 154 461 172">
     <span class='ocr_line' id='line_1_1' title="bbox 306 154 461 172; baseline 0 -1"><span class='ocrx_word' id='word_1_1' title='bbox 306 154 461 172; x_wconf 66' lang='lat' dir='ltr'><strong>NOTAE.</strong></span> 
     </span>
    </p>
   </div>
   <div class='ocr_carea' id='block_1_2' title="bbox 71 221 688 500">
    <p class='ocr_par' dir='ltr' id='par_1_2' title="bbox 71 221 688 500">
     <span class='ocr_line' id='line_1_2' title="bbox 72 221 688 250; baseline 0 -8"><span class='ocrx_word' id='word_1_2' title='bbox 72 222 111 242; x_wconf 75' lang='lat' dir='ltr'>illis</span> <span class='ocrx_word' id='word_1_3' title='bbox 124 229 169 249; x_wconf 83' lang='lat' dir='ltr'>quae</span> <span class='ocrx_word' id='word_1_4' title='bbox 183 222 208 242; x_wconf 84' lang='lat' dir='ltr'>ab</span> <span class='ocrx_word' id='word_1_5' title='bbox 221 221 277 249; x_wconf 84' lang='lat' dir='ltr'>ipfius</span> <span class='ocrx_word' id='word_1_6' title='bbox 290 221 363 243; x_wconf 75' lang='lat' dir='ltr'>effeffls</span> <span class='ocrx_word' id='word_1_7' title='bbox 376 226 396 242; x_wconf 85' lang='lat' dir='ltr'>et</span> <span class='ocrx_word' id='word_1_8' title='bbox 408 222 484 243; x_wconf 85' lang='lat' dir='ltr'>influxu</span> <span class='ocrx_word' id='word_1_9' title='bbox 493 222 597 250; x_wconf 77' lang='lat' dir='ltr'>pendeant,</span> <span class='ocrx_word' id='word_1_10' title='bbox 608 222 688 242; x_wconf 83' lang='lat' dir='ltr'>exaudi-</span> 
     </span>
     <span class='ocr_line' id='line_1_3' title="bbox 74 258 687 285; baseline 0 -7"><span class='ocrx_word' id='word_1_11' title='bbox 74 263 117 278; x_wconf 89' lang='lat' dir='ltr'>tum</span> <span class='ocrx_word' id='word_1_12' title='bbox 130 258 149 278; x_wconf 89' lang='lat' dir='ltr'>se</span> <span class='ocrx_word' id='word_1_13' title='bbox 162 258 186 278; x_wconf 86' lang='lat' dir='ltr'>iri</span> <span class='ocrx_word' id='word_1_14' title='bbox 197 258 290 281; x_wconf 72' lang='lat' dir='ltr'>statuunt,</span> <span class='ocrx_word' id='word_1_15' title='bbox 304 262 362 285; x_wconf 81' lang='lat' dir='ltr'>atque</span> <span class='ocrx_word' id='word_1_16' title='bbox 374 258 428 285; x_wconf 71' lang='lat' dir='ltr'>ipsius</span> <span class='ocrx_word' id='word_1_17' title='bbox 438 258 533 278; x_wconf 85' lang='lat' dir='ltr'>beneficio</span> <span class='ocrx_word' id='word_1_18' title='bbox 543 263 588 278; x_wconf 71' lang='lat' dir='ltr'>vom</span> <span class='ocrx_word' id='word_1_19' title='bbox 598 258 630 278; x_wconf 88' lang='lat' dir='ltr'>sua</span> <span class='ocrx_word' id='word_1_20' title='bbox 639 265 687 278; x_wconf 81' lang='lat' dir='ltr'>con-</span> 
     </span>
     <span class='ocr_line' id='line_1_4' title="bbox 72 293 688 321; baseline -0.002 -7"><span class='ocrx_word' id='word_1_21' title='bbox 72 294 178 314; x_wconf 78' lang='lat' dir='ltr'>secuturos.</span> <span class='ocrx_word' id='word_1_22' title='bbox 204 293 280 314; x_wconf 87' lang='lat' dir='ltr'>Eodem</span> <span class='ocrx_word' id='word_1_23' title='bbox 289 294 349 314; x_wconf 86' lang='lat' dir='ltr'>modo</span> <span class='ocrx_word' id='word_1_24' title='bbox 358 300 404 314; x_wconf 88' lang='lat' dir='ltr'>cum</span> <span class='ocrx_word' id='word_1_25' title='bbox 413 294 487 314; x_wconf 82' lang='lat' dir='ltr'>caeteris</span> <span class='ocrx_word' id='word_1_26' title='bbox 497 293 579 321; x_wconf 82' lang='lat' dir='ltr'>planetis</span> <span class='ocrx_word' id='word_1_27' title='bbox 588 294 627 321; x_wconf 82' lang='lat' dir='ltr'>agi,</span> <span class='ocrx_word' id='word_1_28' title='bbox 641 300 688 320; x_wconf 87' lang='lat' dir='ltr'>quos</span> 
     </span>
     <span class='ocr_line' id='line_1_5' title="bbox 71 329 688 353; baseline 0 -4"><span class='ocrx_word' id='word_1_29' title='bbox 71 329 163 349; x_wconf 75' lang='lat' dir='ltr'>dominos</span> <span class='ocrx_word' id='word_1_30' title='bbox 174 334 195 349; x_wconf 84' lang='lat' dir='ltr'>et</span> <span class='ocrx_word' id='word_1_31' title='bbox 209 329 255 349; x_wconf 85' lang='lat' dir='ltr'>deos</span> <span class='ocrx_word' id='word_1_32' title='bbox 270 329 371 353; x_wconf 74' lang='lat' dir='ltr'>vocabant,</span> <span class='ocrx_word' id='word_1_33' title='bbox 386 330 453 350; x_wconf 87' lang='lat' dir='ltr'>Deum</span> <span class='ocrx_word' id='word_1_34' title='bbox 462 334 527 349; x_wconf 80' lang='lat' dir='ltr'>autem</span> <span class='ocrx_word' id='word_1_35' title='bbox 537 336 612 353; x_wconf 88' lang='lat' dir='ltr'>verum,</span> <span class='ocrx_word' id='word_1_36' title='bbox 622 329 688 349; x_wconf 86' lang='lat' dir='ltr'>Domi-</span> 
     </span>
     <span class='ocr_line' id='line_1_6' title="bbox 71 364 688 392; baseline 0.002 -8"><span class='ocrx_word' id='word_1_37' title='bbox 71 372 113 385; x_wconf 77' lang='lat' dir='ltr'>num</span> <span class='ocrx_word' id='word_1_38' title='bbox 120 364 238 384; x_wconf 74' lang='lat' dir='ltr'>donu‘norum.</span> <span class='ocrx_word' id='word_1_39' title='bbox 253 365 321 392; x_wconf 85' lang='lat' dir='ltr'>Atque</span> <span class='ocrx_word' id='word_1_40' title='bbox 330 365 356 385; x_wconf 82' lang='lat' dir='ltr'>ita</span> <span class='ocrx_word' id='word_1_41' title='bbox 365 365 388 385; x_wconf 83' lang='lat' dir='ltr'>ad</span> <span class='ocrx_word' id='word_1_42' title='bbox 397 365 506 392; x_wconf 71' lang='lat' dir='ltr'>spiritualia,</span> <span class='ocrx_word' id='word_1_43' title='bbox 514 365 546 385; x_wconf 85' lang='lat' dir='ltr'>seu</span> <span class='ocrx_word' id='word_1_44' title='bbox 556 365 688 392; x_wconf 76' lang='lat' dir='ltr'><em>intelligentias,</em></span> 
     </span>
     <span class='ocr_line' id='line_1_7' title="bbox 73 400 687 427; baseline 0 -7"><span class='ocrx_word' id='word_1_45' title='bbox 73 400 211 420; x_wconf 66' lang='lat' dir='ltr'>mediatoribus</span> <span class='ocrx_word' id='word_1_46' title='bbox 223 400 328 421; x_wconf 85' lang='lat' dir='ltr'>utebantur</span> <span class='ocrx_word' id='word_1_47' title='bbox 340 407 408 421; x_wconf 87' lang='lat' dir='ltr'>eorum</span> <span class='ocrx_word' id='word_1_48' title='bbox 415 400 495 427; x_wconf 77' lang='lat' dir='ltr'><em>sacellis,</em></span> <span class='ocrx_word' id='word_1_49' title='bbox 509 401 533 421; x_wconf 88' lang='lat' dir='ltr'>ad</span> <span class='ocrx_word' id='word_1_50' title='bbox 546 401 613 421; x_wconf 86' lang='lat' dir='ltr'>Deum</span> <span class='ocrx_word' id='word_1_51' title='bbox 621 400 687 420; x_wconf 76' lang='lat' dir='ltr'>intelli-</span> 
     </span>
     <span class='ocr_line' id='line_1_8' title="bbox 72 435 687 464; baseline 0.003 -9"><span class='ocrx_word' id='word_1_52' title='bbox 72 435 141 463; x_wconf 78' lang='lat' dir='ltr'>gentiis</span> <span class='ocrx_word' id='word_1_53' title='bbox 148 436 282 463; x_wconf 77' lang='lat' dir='ltr'>spiritualibus.</span> <span class='ocrx_word' id='word_1_54' title='bbox 298 436 330 456; x_wconf 86' lang='lat' dir='ltr'>Ex</span> <span class='ocrx_word' id='word_1_55' title='bbox 337 436 471 464; x_wconf 77' lang='lat' dir='ltr'>praediCtorum</span> <span class='ocrx_word' id='word_1_56' title='bbox 477 436 610 457; x_wconf 87' lang='lat' dir='ltr'>observatione</span> <span class='ocrx_word' id='word_1_57' title='bbox 616 441 687 460; x_wconf 44' lang='lat' dir='ltr'>,alum</span> 
     </span>
     <span class='ocr_line' id='line_1_9' title="bbox 76 471 687 500; baseline 0.002 -9"><span class='ocrx_word' id='word_1_58' title='bbox 76 471 177 498; x_wconf 69' lang='lat' dir='ltr'>Telesmata</span> <span class='ocrx_word' id='word_1_59' title='bbox 185 472 306 495; x_wconf 80' lang='lat' dir='ltr'>conficiendi,</span> <span class='ocrx_word' id='word_1_60' title='bbox 316 472 419 500; x_wconf 77' lang='lat' dir='ltr'>praestigias</span> <span class='ocrx_word' id='word_1_61' title='bbox 432 473 487 496; x_wconf 84' lang='lat' dir='ltr'>item,</span> <span class='ocrx_word' id='word_1_62' title='bbox 499 477 558 500; x_wconf 78' lang='lat' dir='ltr'>atque</span> <span class='ocrx_word' id='word_1_63' title='bbox 570 473 687 493; x_wconf 71' lang='lat' dir='ltr'>inmnmtio-</span> 
     </span>
    </p>
   </div>
   <div class='ocr_carea' id='block_1_3' title="bbox 36 507 686 535">
    <p class='ocr_par' dir='ltr' id='par_1_3' title="bbox 36 507 686 535">
     <span class='ocr_line' id='line_1_10' title="bbox 36 507 686 535; baseline 0.002 -8"><span class='ocrx_word' id='word_1_64' title='bbox 36 509 38 512; x_wconf 86' lang='lat'>&#39;</span> <span class='ocrx_word' id='word_1_65' title='bbox 75 514 112 528; x_wconf 81' lang='lat' dir='ltr'>nes</span> <span class='ocrx_word' id='word_1_66' title='bbox 124 507 233 531; x_wconf 76' lang='lat' dir='ltr'>adhibendi,</span> <span class='ocrx_word' id='word_1_67' title='bbox 247 507 308 535; x_wconf 77' lang='lat' dir='ltr'>figilla</span> <span class='ocrx_word' id='word_1_68' title='bbox 322 513 342 528; x_wconf 87' lang='lat' dir='ltr'>et</span> <span class='ocrx_word' id='word_1_69' title='bbox 355 508 427 535; x_wconf 83' lang='lat' dir='ltr'>figuras</span> <span class='ocrx_word' id='word_1_70' title='bbox 436 508 540 531; x_wconf 79' lang='lat' dir='ltr'>conflandi,</span> <span class='ocrx_word' id='word_1_71' title='bbox 549 508 626 535; x_wconf 82' lang='lat' dir='ltr'>aliaque</span> <span class='ocrx_word' id='word_1_72' title='bbox 636 508 686 535; x_wconf 87' lang='lat' dir='ltr'>ejus-</span> 
     </span>
    </p>
   </div>
   <div class='ocr_carea' id='block_1_4' title="bbox 72 543 689 1178">
    <p class='ocr_par' dir='ltr' id='par_1_4' title="bbox 72 543 689 1178">
     <span class='ocr_line' id='line_1_11' title="bbox 75 543 687 571; baseline 0.002 -8"><span class='ocrx_word' id='word_1_73' title='bbox 75 543 135 567; x_wconf 73' lang='lat' dir='ltr'>modi,</span> <span class='ocrx_word' id='word_1_74' title='bbox 149 550 192 570; x_wconf 79' lang='lat' dir='ltr'>quae</span> <span class='ocrx_word' id='word_1_75' title='bbox 204 543 228 563; x_wconf 79' lang='lat' dir='ltr'>ad</span> <span class='ocrx_word' id='word_1_76' title='bbox 242 544 291 563; x_wconf 82' lang='lat' dir='ltr'>mira</span> <span class='ocrx_word' id='word_1_77' title='bbox 304 544 429 571; x_wconf 84' lang='lat' dir='ltr'>perpetranda</span> <span class='ocrx_word' id='word_1_78' title='bbox 443 544 541 564; x_wconf 71' lang='lat' dir='ltr'>stellarum</span> <span class='ocrx_word' id='word_1_79' title='bbox 552 544 572 564; x_wconf 83' lang='lat' dir='ltr'>vi</span> <span class='ocrx_word' id='word_1_80' title='bbox 584 551 606 564; x_wconf 79' lang='lat' dir='ltr'>ac</span> <span class='ocrx_word' id='word_1_81' title='bbox 616 544 687 564; x_wconf 84' lang='lat' dir='ltr'>virtute</span> 
     </span>
     <span class='ocr_line' id='line_1_12' title="bbox 74 579 687 602; baseline 0.002 -3"><span class='ocrx_word' id='word_1_82' title='bbox 74 579 137 599; x_wconf 78' lang='lat' dir='ltr'>valere</span> <span class='ocrx_word' id='word_1_83' title='bbox 156 583 266 602; x_wconf 76' lang='lat' dir='ltr'>autumant,</span> <span class='ocrx_word' id='word_1_84' title='bbox 281 579 388 599; x_wconf 82' lang='lat' dir='ltr'>fabricandi</span> <span class='ocrx_word' id='word_1_85' title='bbox 407 580 502 600; x_wconf 76' lang='lat' dir='ltr'>rationem</span> <span class='ocrx_word' id='word_1_86' title='bbox 519 580 604 600; x_wconf 81' lang='lat' dir='ltr'>tradunt.</span> <span class='ocrx_word' id='word_1_87' title='bbox 635 580 687 600; x_wconf 79' lang='lat' dir='ltr'>Ean-</span> 
     </span>
     <span class='ocr_line' id='line_1_13' title="bbox 74 615 688 639; baseline 0 -4"><span class='ocrx_word' id='word_1_88' title='bbox 74 615 119 635; x_wconf 79' lang='lat' dir='ltr'>dem</span> <span class='ocrx_word' id='word_1_89' title='bbox 133 615 159 635; x_wconf 89' lang='lat' dir='ltr'>ob</span> <span class='ocrx_word' id='word_1_90' title='bbox 174 615 251 635; x_wconf 81' lang='lat' dir='ltr'>causam</span> <span class='ocrx_word' id='word_1_91' title='bbox 265 619 286 635; x_wconf 84' lang='lat' dir='ltr'>et</span> <span class='ocrx_word' id='word_1_92' title='bbox 298 615 458 636; x_wconf 76' lang='lat' dir='ltr'>simulachrorum</span> <span class='ocrx_word' id='word_1_93' title='bbox 470 616 554 636; x_wconf 78' lang='lat' dir='ltr'>cultores</span> <span class='ocrx_word' id='word_1_94' title='bbox 568 615 688 639; x_wconf 76' lang='lat' dir='ltr'>simulachra,</span> 
     </span>
     <span class='ocr_line' id='line_1_14' title="bbox 74 651 687 678; baseline 0 -7"><span class='ocrx_word' id='word_1_95' title='bbox 74 658 117 678; x_wconf 77' lang='lat' dir='ltr'>quae</span> <span class='ocrx_word' id='word_1_96' title='bbox 125 651 257 671; x_wconf 78' lang='lat' dir='ltr'>mediatorum</span> <span class='ocrx_word' id='word_1_97' title='bbox 267 651 308 670; x_wconf 87' lang='lat' dir='ltr'>vice</span> <span class='ocrx_word' id='word_1_98' title='bbox 318 651 368 671; x_wconf 84' lang='lat' dir='ltr'>inter</span> <span class='ocrx_word' id='word_1_99' title='bbox 377 651 425 678; x_wconf 88' lang='lat' dir='ltr'>ipsos</span> <span class='ocrx_word' id='word_1_100' title='bbox 434 656 454 671; x_wconf 88' lang='lat' dir='ltr'>et</span> <span class='ocrx_word' id='word_1_101' title='bbox 464 651 565 678; x_wconf 74' lang='lat' dir='ltr'>spiritualia</span> <span class='ocrx_word' id='word_1_102' title='bbox 574 651 687 678; x_wconf 77' lang='lat' dir='ltr'>fungantur,</span> 
     </span>
     <span class='ocr_line' id='line_1_15' title="bbox 75 687 687 714; baseline -0.002 -7"><span class='ocrx_word' id='word_1_103' title='bbox 75 687 188 707; x_wconf 78' lang='lat' dir='ltr'>conficiunt.</span> <span class='ocrx_word' id='word_1_104' title='bbox 212 687 256 706; x_wconf 86' lang='lat' dir='ltr'>Imo</span> <span class='ocrx_word' id='word_1_105' title='bbox 267 693 299 710; x_wconf 91' lang='lat' dir='ltr'>ne,</span> <span class='ocrx_word' id='word_1_106' title='bbox 313 691 335 707; x_wconf 88' lang='lat' dir='ltr'>ut</span> <span class='ocrx_word' id='word_1_107' title='bbox 346 687 389 713; x_wconf 73' lang='lat' dir='ltr'>jam</span> <span class='ocrx_word' id='word_1_108' title='bbox 401 687 455 710; x_wconf 75' lang='lat' dir='ltr'>diffl,</span> <span class='ocrx_word' id='word_1_109' title='bbox 468 687 540 707; x_wconf 80' lang='lat' dir='ltr'>sacellis</span> <span class='ocrx_word' id='word_1_110' title='bbox 555 687 595 706; x_wconf 83' lang='lat' dir='ltr'>istis</span> <span class='ocrx_word' id='word_1_111' title='bbox 609 688 640 714; x_wconf 90' lang='lat' dir='ltr'>(ut</span> <span class='ocrx_word' id='word_1_112' title='bbox 651 693 687 707; x_wconf 84' lang='lat' dir='ltr'>vo-</span> 
     </span>
     <span class='ocr_line' id='line_1_16' title="bbox 75 722 687 750; baseline 0 -8"><span class='ocrx_word' id='word_1_113' title='bbox 75 722 131 748; x_wconf 82' lang='lat' dir='ltr'>cant)</span> <span class='ocrx_word' id='word_1_114' title='bbox 146 723 268 750; x_wconf 77' lang='lat' dir='ltr'>planetarum</span> <span class='ocrx_word' id='word_1_115' title='bbox 282 723 369 742; x_wconf 77' lang='lat' dir='ltr'>contenti</span> <span class='ocrx_word' id='word_1_116' title='bbox 381 722 447 745; x_wconf 78' lang='lat' dir='ltr'>effent,</span> <span class='ocrx_word' id='word_1_117' title='bbox 461 722 511 742; x_wconf 77' lang='lat' dir='ltr'>hanc</span> <span class='ocrx_word' id='word_1_118' title='bbox 523 722 618 749; x_wconf 80' lang='lat' dir='ltr'>affignant</span> <span class='ocrx_word' id='word_1_119' title='bbox 627 723 687 742; x_wconf 85' lang='lat' dir='ltr'>ratio-</span> 
     </span>
     <span class='ocr_line' id='line_1_17' title="bbox 75 758 687 785; baseline -0.002 -7"><span class='ocrx_word' id='word_1_120' title='bbox 75 765 128 782; x_wconf 83' lang='lat' dir='ltr'>nem,</span> <span class='ocrx_word' id='word_1_121' title='bbox 138 758 190 785; x_wconf 82' lang='lat' dir='ltr'>quod</span> <span class='ocrx_word' id='word_1_122' title='bbox 199 758 231 778; x_wconf 84' lang='lat' dir='ltr'>illa</span> <span class='ocrx_word' id='word_1_123' title='bbox 240 758 289 785; x_wconf 83' lang='lat' dir='ltr'>saepe</span> <span class='ocrx_word' id='word_1_124' title='bbox 299 758 323 778; x_wconf 84' lang='lat' dir='ltr'>ab</span> <span class='ocrx_word' id='word_1_125' title='bbox 332 758 402 781; x_wconf 84' lang='lat' dir='ltr'>oculis,</span> <span class='ocrx_word' id='word_1_126' title='bbox 412 758 503 778; x_wconf 82' lang='lat' dir='ltr'>continua</span> <span class='ocrx_word' id='word_1_127' title='bbox 515 763 567 778; x_wconf 78' lang='lat' dir='ltr'>ortus</span> <span class='ocrx_word' id='word_1_128' title='bbox 580 762 600 777; x_wconf 79' lang='lat' dir='ltr'>et</span> <span class='ocrx_word' id='word_1_129' title='bbox 609 758 687 778; x_wconf 79' lang='lat' dir='ltr'>occasus</span> 
     </span>
     <span class='ocr_line' id='line_1_18' title="bbox 75 793 688 820; baseline -0.002 -6"><span class='ocrx_word' id='word_1_130' title='bbox 75 794 211 817; x_wconf 73' lang='lat' dir='ltr'>viciffitudine,</span> <span class='ocrx_word' id='word_1_131' title='bbox 227 793 317 814; x_wconf 75' lang='lat' dir='ltr'>subduCta</span> <span class='ocrx_word' id='word_1_132' title='bbox 334 793 413 816; x_wconf 83' lang='lat' dir='ltr'>lateant,</span> <span class='ocrx_word' id='word_1_133' title='bbox 429 800 476 813; x_wconf 90' lang='lat' dir='ltr'>cum</span> <span class='ocrx_word' id='word_1_134' title='bbox 491 793 597 813; x_wconf 78' lang='lat' dir='ltr'>mediatore</span> <span class='ocrx_word' id='word_1_135' title='bbox 614 793 688 820; x_wconf 87' lang='lat' dir='ltr'>semper</span> 
     </span>
     <span class='ocr_line' id='line_1_19' title="bbox 76 828 687 857; baseline 0 -8"><span class='ocrx_word' id='word_1_136' title='bbox 76 829 147 849; x_wconf 74' lang='lat' dir='ltr'>visibili</span> <span class='ocrx_word' id='word_1_137' title='bbox 155 829 186 849; x_wconf 87' lang='lat' dir='ltr'>fibi</span> <span class='ocrx_word' id='word_1_138' title='bbox 194 836 241 856; x_wconf 83' lang='lat' dir='ltr'>opus</span> <span class='ocrx_word' id='word_1_139' title='bbox 254 829 283 854; x_wconf 73' lang='lat' dir='ltr'>fir.</span> <span class='ocrx_word' id='word_1_140' title='bbox 308 828 426 849; x_wconf 82' lang='lat' dir='ltr'>Simulachra</span> <span class='ocrx_word' id='word_1_141' title='bbox 440 836 486 857; x_wconf 83' lang='lat' dir='ltr'>ergo</span> <span class='ocrx_word' id='word_1_142' title='bbox 496 829 632 852; x_wconf 66' lang='lat' dir='ltr'>substituenda,</span> <span class='ocrx_word' id='word_1_143' title='bbox 642 829 687 856; x_wconf 86' lang='lat' dir='ltr'>qui-</span> 
     </span>
     <span class='ocr_line' id='line_1_20' title="bbox 76 864 688 892; baseline -0.002 -7"><span class='ocrx_word' id='word_1_144' title='bbox 76 865 115 885; x_wconf 84' lang='lat' dir='ltr'>bus</span> <span class='ocrx_word' id='word_1_145' title='bbox 121 865 248 890; x_wconf 67' lang='lat' dir='ltr'>mediantibus</span> <span class='ocrx_word' id='word_1_146' title='bbox 258 865 282 885; x_wconf 84' lang='lat' dir='ltr'>ad</span> <span class='ocrx_word' id='word_1_147' title='bbox 289 864 356 885; x_wconf 67' lang='lat' dir='ltr'>fficella</span> <span class='ocrx_word' id='word_1_148' title='bbox 366 865 459 885; x_wconf 79' lang='lat' dir='ltr'>accedant</span> <span class='ocrx_word' id='word_1_149' title='bbox 468 869 490 885; x_wconf 87' lang='lat' dir='ltr'>ut</span> <span class='ocrx_word' id='word_1_150' title='bbox 499 864 613 885; x_wconf 78' lang='lat' dir='ltr'>sacellorum</span> <span class='ocrx_word' id='word_1_151' title='bbox 620 871 658 892; x_wconf 83' lang='lat' dir='ltr'>ope</span> <span class='ocrx_word' id='word_1_152' title='bbox 664 865 688 884; x_wconf 83' lang='lat' dir='ltr'>ad</span> 
     </span>
     <span class='ocr_line' id='line_1_21' title="bbox 74 900 688 929; baseline -0.002 -8"><span class='ocrx_word' id='word_1_153' title='bbox 74 901 220 929; x_wconf 72' lang='lat' dir='ltr'>intelligentias,</span> <span class='ocrx_word' id='word_1_154' title='bbox 229 901 402 928; x_wconf 81' lang='lat' dir='ltr'>intelligentiarum</span> <span class='ocrx_word' id='word_1_155' title='bbox 412 901 435 920; x_wconf 80' lang='lat' dir='ltr'>ad</span> <span class='ocrx_word' id='word_1_156' title='bbox 444 901 512 920; x_wconf 87' lang='lat' dir='ltr'>Deum</span> <span class='ocrx_word' id='word_1_157' title='bbox 521 900 639 927; x_wconf 83' lang='lat' dir='ltr'>supremum.</span> <span class='ocrx_word' id='word_1_158' title='bbox 658 900 688 920; x_wconf 88' lang='lat' dir='ltr'>Si-</span> 
     </span>
     <span class='ocr_line' id='line_1_22' title="bbox 73 936 688 964; baseline -0.002 -7"><span class='ocrx_word' id='word_1_159' title='bbox 73 937 176 962; x_wconf 75' lang='lat' dir='ltr'>mulachra</span> <span class='ocrx_word' id='word_1_160' title='bbox 189 937 255 964; x_wconf 79' lang='lat' dir='ltr'>igitur,</span> <span class='ocrx_word' id='word_1_161' title='bbox 267 936 325 963; x_wconf 83' lang='lat' dir='ltr'>juxta</span> <span class='ocrx_word' id='word_1_162' title='bbox 338 936 422 964; x_wconf 79' lang='lat' dir='ltr'>figuram</span> <span class='ocrx_word' id='word_1_163' title='bbox 437 936 540 963; x_wconf 85' lang='lat' dir='ltr'>unicuique</span> <span class='ocrx_word' id='word_1_164' title='bbox 549 943 560 956; x_wconf 92' lang='lat' dir='ltr'>e</span> <span class='ocrx_word' id='word_1_165' title='bbox 570 936 643 963; x_wconf 83' lang='lat' dir='ltr'>septem</span> <span class='ocrx_word' id='word_1_166' title='bbox 651 936 688 956; x_wconf 86' lang='lat' dir='ltr'>illis</span> 
     </span>
     <span class='ocr_line' id='line_1_23' title="bbox 74 972 688 1000; baseline -0.002 -7"><span class='ocrx_word' id='word_1_167' title='bbox 74 973 148 993; x_wconf 82' lang='lat' dir='ltr'>sacellis</span> <span class='ocrx_word' id='word_1_168' title='bbox 161 973 266 1000; x_wconf 87' lang='lat' dir='ltr'>propriam,</span> <span class='ocrx_word' id='word_1_169' title='bbox 279 972 389 992; x_wconf 77' lang='lat' dir='ltr'>conflabant</span> <span class='ocrx_word' id='word_1_170' title='bbox 398 979 409 992; x_wconf 90' lang='lat' dir='ltr'>e</span> <span class='ocrx_word' id='word_1_171' title='bbox 422 972 502 992; x_wconf 76' lang='lat' dir='ltr'>metallo</span> <span class='ocrx_word' id='word_1_172' title='bbox 515 972 579 992; x_wconf 78' lang='lat' dir='ltr'>eidem</span> <span class='ocrx_word' id='word_1_173' title='bbox 590 972 688 999; x_wconf 76' lang='lat' dir='ltr'>peculiari,</span> 
     </span>
     <span class='ocr_line' id='line_1_24' title="bbox 76 1007 688 1036; baseline -0.003 -7"><span class='ocrx_word' id='word_1_174' title='bbox 76 1008 137 1036; x_wconf 83' lang='lat' dir='ltr'>(ferro</span> <span class='ocrx_word' id='word_1_175' title='bbox 152 1013 205 1036; x_wconf 76' lang='lat' dir='ltr'>puta,</span> <span class='ocrx_word' id='word_1_176' title='bbox 220 1012 307 1035; x_wconf 71' lang='lat' dir='ltr'>argente,</span> <span class='ocrx_word' id='word_1_177' title='bbox 318 1008 367 1034; x_wconf 65' lang='lat' dir='ltr'>Sec.)</span> <span class='ocrx_word' id='word_1_178' title='bbox 388 1008 492 1028; x_wconf 83' lang='lat' dir='ltr'>observatis</span> <span class='ocrx_word' id='word_1_179' title='bbox 513 1007 588 1034; x_wconf 86' lang='lat' dir='ltr'>insuper</span> <span class='ocrx_word' id='word_1_180' title='bbox 598 1007 688 1031; x_wconf 68' lang='lat' dir='ltr'>dierum,</span> 
     </span>
     <span class='ocr_line' id='line_1_25' title="bbox 74 1043 689 1071; baseline -0.002 -7"><span class='ocrx_word' id='word_1_181' title='bbox 74 1044 176 1067; x_wconf 82' lang='lat' dir='ltr'>horarum,</span> <span class='ocrx_word' id='word_1_182' title='bbox 192 1043 297 1071; x_wconf 81' lang='lat' dir='ltr'>graduum,</span> <span class='ocrx_word' id='word_1_183' title='bbox 313 1044 443 1067; x_wconf 78' lang='lat' dir='ltr'>minutorum,</span> <span class='ocrx_word' id='word_1_184' title='bbox 458 1043 587 1070; x_wconf 75' lang='lat' dir='ltr'>aliarumque,</span> <span class='ocrx_word' id='word_1_185' title='bbox 601 1050 648 1070; x_wconf 78' lang='lat' dir='ltr'>quas</span> <span class='ocrx_word' id='word_1_186' title='bbox 665 1043 689 1063; x_wconf 84' lang='lat' dir='ltr'>ad</span> 
     </span>
     <span class='ocr_line' id='line_1_26' title="bbox 74 1078 689 1107; baseline -0.003 -7"><span class='ocrx_word' id='word_1_187' title='bbox 74 1079 159 1100; x_wconf 83' lang='lat' dir='ltr'>influxus</span> <span class='ocrx_word' id='word_1_188' title='bbox 175 1079 299 1107; x_wconf 74' lang='lat' dir='ltr'>benigniores</span> <span class='ocrx_word' id='word_1_189' title='bbox 312 1079 416 1099; x_wconf 81' lang='lat' dir='ltr'>eliciendos</span> <span class='ocrx_word' id='word_1_190' title='bbox 429 1079 493 1099; x_wconf 77' lang='lat' dir='ltr'>valere</span> <span class='ocrx_word' id='word_1_191' title='bbox 508 1083 577 1106; x_wconf 73' lang='lat' dir='ltr'>putant</span> <span class='ocrx_word' id='word_1_192' title='bbox 592 1078 689 1105; x_wconf 82' lang='lat' dir='ltr'>astrologi,</span> 
     </span>
     <span class='ocr_line' id='line_1_27' title="bbox 72 1113 689 1141; baseline -0.003 -5"><span class='ocrx_word' id='word_1_193' title='bbox 72 1115 263 1136; x_wconf 63' lang='lat' dir='ltr'>circumstantiarum</span> <span class='ocrx_word' id='word_1_194' title='bbox 284 1115 399 1138; x_wconf 78' lang='lat' dir='ltr'>momentis,</span> <span class='ocrx_word' id='word_1_195' title='bbox 419 1118 439 1134; x_wconf 82' lang='lat' dir='ltr'>et</span> <span class='ocrx_word' id='word_1_196' title='bbox 459 1113 549 1134; x_wconf 78' lang='lat' dir='ltr'>adhibitis</span> <span class='ocrx_word' id='word_1_197' title='bbox 570 1121 613 1141; x_wconf 81' lang='lat' dir='ltr'>quae</span> <span class='ocrx_word' id='word_1_198' title='bbox 633 1119 689 1134; x_wconf 83' lang='lat' dir='ltr'>antea</span> 
     </span>
     <span class='ocr_line' id='line_1_28' title="bbox 72 1149 688 1178; baseline -0.005 -6"><span class='ocrx_word' id='word_1_199' title='bbox 72 1152 159 1172; x_wconf 82' lang='lat' dir='ltr'>diximus</span> <span class='ocrx_word' id='word_1_200' title='bbox 173 1151 247 1178; x_wconf 73' lang='lat' dir='ltr'>sigillis,</span> <span class='ocrx_word' id='word_1_201' title='bbox 261 1150 385 1173; x_wconf 78' lang='lat' dir='ltr'>indumentis,</span> <span class='ocrx_word' id='word_1_202' title='bbox 400 1149 502 1173; x_wconf 83' lang='lat' dir='ltr'>suffitibus,</span> <span class='ocrx_word' id='word_1_203' title='bbox 517 1149 642 1173; x_wconf 77' lang='lat' dir='ltr'>orationibus,</span> <span class='ocrx_word' id='word_1_204' title='bbox 658 1150 688 1169; x_wconf 90' lang='lat' dir='ltr'>in-</span> 
     </span>
    </p>
   </div>
   <div class='ocr_carea' id='block_1_5' title="bbox 71 1185 688 1232">
    <p class='ocr_par' dir='ltr' id='par_1_5' title="bbox 71 1185 688 1232">
     <span class='ocr_line' id='line_1_29' title="bbox 71 1185 688 1213; baseline -0.005 -5"><span class='ocrx_word' id='word_1_205' title='bbox 71 1187 210 1209; x_wconf 74' lang='lat' dir='ltr'>cantamentis,</span> <span class='ocrx_word' id='word_1_206' title='bbox 220 1187 259 1206; x_wconf 70' lang='grc' dir='ltr'>διε.</span> <span class='ocrx_word' id='word_1_207' title='bbox 274 1186 299 1209; x_wconf 84' lang='lat' dir='ltr'>ei,</span> <span class='ocrx_word' id='word_1_208' title='bbox 309 1186 363 1212; x_wconf 83' lang='lat' dir='ltr'>cujus</span> <span class='ocrx_word' id='word_1_209' title='bbox 373 1186 407 1206; x_wconf 84' lang='lat' dir='ltr'>fibi</span> <span class='ocrx_word' id='word_1_210' title='bbox 417 1186 500 1213; x_wconf 84' lang='lat' dir='ltr'>gratiam</span> <span class='ocrx_word' id='word_1_211' title='bbox 510 1186 613 1206; x_wconf 78' lang='lat' dir='ltr'>conciliare</span> <span class='ocrx_word' id='word_1_212' title='bbox 623 1185 688 1205; x_wconf 83' lang='lat' dir='ltr'>stude-</span> 
     </span>
     <span class='ocr_line' id='line_1_30' title="bbox 398 1217 413 1232; baseline 0 0"><span class='ocrx_word' id='word_1_213' title='bbox 398 1217 413 1232; x_wconf 86' lang='lat' dir='ltr'>U</span> 
     </span>
    </p>
   </div>
   <div class='ocr_carea' id='block_1_6' title="bbox 741 158 779 179">
    <p class='ocr_par' dir='ltr' id='par_1_6' title="bbox 741 158 779 179">
     <span class='ocr_line' id='line_1_31' title="bbox 741 158 779 179; baseline 0.026 -1"><span class='ocrx_word' id='word_1_214' title='bbox 741 158 779 179; x_wconf 81' lang='lat'>145</span> 
     </span>
    </p>
   </div>
   <div class='ocr_carea' id='block_1_7' title="bbox 706 196 807 202">
    <p class='ocr_par' dir='ltr' id='par_1_7' title="bbox 706 196 807 202">
     <span class='ocr_line' id='line_1_32' title="bbox 706 196 807 202; baseline 0 0"><span class='ocrx_word' id='word_1_215' title='bbox 706 196 807 202; x_wconf 95' lang='lat' dir='ltr'> </span> 
     </span>
    </p>
   </div>
  </div>
 </body>
</html>
